% This file was created with JabRef 2.10.
% Encoding: Cp1252


@Article{Abramoff2004,
  Title                    = {Image processing with ImageJ},
  Author                   = {Abr{\`a}moff, Michael D and Magalh{\~a}es, Paulo J and Ram, Sunanda J},
  Journal                  = {Biophotonics international},
  Year                     = {2004},
  Number                   = {7},
  Pages                    = {36--43},
  Volume                   = {11},

  Owner                    = {Sridhar},
  Publisher                = {LAURIN},
  Timestamp                = {2014.09.08}
}

@InProceedings{Bajcsy2013,
  Title                    = {Terabyte-sized image computations on Hadoop cluster platforms},
  Author                   = {Bajcsy, P. and Vandecreme, A and Amelot, J. and Nguyen, P. and Chalfoun, J. and Brady, M.},
  Booktitle                = {Big Data, 2013 IEEE International Conference on},
  Year                     = {2013},
  Month                    = {Oct},
  Pages                    = {729-737},

  Doi                      = {10.1109/BigData.2013.6691645},
  Keywords                 = {Java;image processing;microscopy;multiprocessing systems;Amdahl law;Hadoop computer cluster platform;Java remote method invocation;NIST Raritan cluster;RMI;benchmark design;image processing;microscopy image sets;multiprocessor desktop;relative efficiency;terabyte-sized image computations;Benchmark testing;Computers;Feature extraction;Image segmentation;Java;Random access memory;Big Data Applications and Infrastructure;Big Data Industry Standards;Big Data Open Platform},
  Owner                    = {Sridhar},
  Timestamp                = {2014.09.08}
}

@InProceedings{Culjak2012,
  Title                    = {A brief introduction to OpenCV},
  Author                   = {Culjak, I and Abram, D. and Pribanic, T. and Dzapo, H. and Cifrek, M.},
  Booktitle                = {MIPRO, 2012 Proceedings of the 35th International Convention},
  Year                     = {2012},
  Month                    = {May},
  Pages                    = {1725-1730},

  Keywords                 = {C++ language;computer vision;public domain software;software libraries;C++ interface;Intel;OpenCV;image analysis;image processing;library developments;open source computer vision;open source library;video analysis;Cameras;Computer vision;Detectors;Histograms;Image edge detection;Libraries;Low pass filters},
  Owner                    = {Sridhar},
  Timestamp                = {2014.09.08}
}

@Article{Dean2008,
  Title                    = {MapReduce: Simplified Data Processing on Large Clusters},
  Author                   = {Dean, Jeffrey and Ghemawat, Sanjay},
  Journal                  = {Commun. ACM},
  Year                     = {2008},

  Month                    = jan,
  Number                   = {1},
  Pages                    = {107--113},
  Volume                   = {51},

  Acmid                    = {1327492},
  Address                  = {New York, NY, USA},
  Doi                      = {10.1145/1327452.1327492},
  ISSN                     = {0001-0782},
  Issue_date               = {January 2008},
  Numpages                 = {7},
  Owner                    = {Sridhar},
  Publisher                = {ACM},
  Timestamp                = {2014.09.08},
  Url                      = {http://doi.acm.org/10.1145/1327452.1327492}
}

@Misc{Hadoop2009,
  Title                    = {Hadoop},

  Author                   = {Hadoop, Apache},
  Year                     = {2009},

  Journal                  = {2009-03-06]. http://hadoop. apache. org},
  Owner                    = {Sridhar},
  Timestamp                = {2014.09.08}
}

@Article{Horaczek2013,
  Title                    = {How Many Photos Are Uploaded to The Internet Every Minute?},
  Author                   = {Stan Horaczek},
  Journal                  = {http://www.popphoto.com/news/2013/05/how-many-photos-are-uploaded-to-internet-every-minute},
  Year                     = {2013},

  Owner                    = {Sridhar},
  Timestamp                = {2014.09.08}
}

@InProceedings{Li2009,
  Title                    = {Landmark classification in large-scale image collections},
  Author                   = {Yunpeng Li and Crandall, D.J. and Huttenlocher, D.P.},
  Booktitle                = {Computer Vision, 2009 IEEE 12th International Conference on},
  Year                     = {2009},
  Month                    = {Sept},
  Pages                    = {1957-1964},

  Doi                      = {10.1109/ICCV.2009.5459432},
  ISSN                     = {1550-5499},
  Keywords                 = {Web sites;image classification;object recognition;support vector machines;image classification;landmark classification;large-scale image collections;multiclass support vector machine;object recognition;photo-sharing Web sites;vector-quantized interest point descriptors;Computer science;Computer vision;Facebook;Image classification;Internet;Large-scale systems;Object recognition;Support vector machine classification;Support vector machines;Testing},
  Owner                    = {Sridhar},
  Timestamp                = {2014.09.08}
}

@InProceedings{Lv2010,
  Title                    = {Parallel K-means Clustering of Remote Sensing Images Based on Mapreduce},
  Author                   = {Lv, Zhenhua and Hu, Yingjie and Zhong, Haidong and Wu, Jianping and Li, Bo and Zhao, Hui},
  Booktitle                = {Proceedings of the 2010 International Conference on Web Information Systems and Mining},
  Year                     = {2010},

  Address                  = {Berlin, Heidelberg},
  Pages                    = {162--170},
  Publisher                = {Springer-Verlag},
  Series                   = {WISM'10},

  Acmid                    = {1927687},
  ISBN                     = {3-642-16514-1, 978-3-642-16514-6},
  Keywords                 = {Hadoop, K-means, mapreduce, parallel, remote sensing},
  Location                 = {Sanya, China},
  Numpages                 = {9},
  Owner                    = {Sridhar},
  Timestamp                = {2014.09.08},
  Url                      = {http://dl.acm.org/citation.cfm?id=1927661.1927687}
}

@InProceedings{Moise2013,
  Title                    = {Terabyte-scale image similarity search: Experience and best practice},
  Author                   = {Moise, D. and Shestakov, D. and Gudmundsson, G. and Amsaleg, L.},
  Booktitle                = {Big Data, 2013 IEEE International Conference on},
  Year                     = {2013},
  Month                    = {Oct},
  Pages                    = {674-682},

  Doi                      = {10.1109/BigData.2013.6691637},
  Keywords                 = {Big Data;multimedia systems;parallel processing;public domain software;Big Data processing;Hadoop;MapReduce paradigm open-source implementation;terabyte-scale image similarity search;terabytes data processing;Best practices;Data handling;Data storage systems;Indexing;Information management;Multimedia communication},
  Owner                    = {Sridhar},
  Timestamp                = {2014.09.08}
}

@InProceedings{Pereira2010,
  Title                    = {An Architecture for Distributed High Performance Video Processing in the Cloud},
  Author                   = {Pereira, R. and Azambuja, M. and Breitman, K. and Endler, M.},
  Booktitle                = {Cloud Computing (CLOUD), 2010 IEEE 3rd International Conference on},
  Year                     = {2010},
  Month                    = {July},
  Pages                    = {482-489},

  Doi                      = {10.1109/CLOUD.2010.73},
  Keywords                 = {Internet;merging;software architecture;video signal processing;MapReduce paradigm;cloud computing;distributed high performance video processing;dynamic resource provisioning;split&merge architecture;Clouds;Computer architecture;Computers;Encoding;Servers;Streaming media;Video compression;Cloud Computing;Distributed Architectures;Service Orientation;System Architectures;Video Compression},
  Owner                    = {Sridhar},
  Timestamp                = {2014.09.08}
}

@InProceedings{Powell2010,
  Title                    = {A Scalable Image Processing Framework for gigapixel Mars and other celestial body images},
  Author                   = {Powell, M.W. and Rossi, R.A and Shams, K.},
  Booktitle                = {Aerospace Conference, 2010 IEEE},
  Year                     = {2010},
  Month                    = {March},
  Pages                    = {1-11},

  Doi                      = {10.1109/AERO.2010.5446706},
  ISSN                     = {1095-323X},
  Keywords                 = {Mars;astronomical image processing;planetary remote sensing;planetary surfaces;HiRISE camera;High Resolution Imaging Science Experiment;Mars reconnaissance orbiter;Martian surface;SIPF;cloud computing;computing technologies;gigapixel images;mathematical framework;planetary images;scalable image operations;scalable image processing framework;tile-based processing pipeline;Cameras;Distributed computing;High-resolution imaging;Image processing;Mars;Memory management;Pipelines;Reconnaissance;Scalability;Tiles},
  Owner                    = {Sridhar},
  Timestamp                = {2014.09.08}
}

@InProceedings{Shvachko2010,
  Title                    = {The Hadoop Distributed File System},
  Author                   = {Shvachko, K. and Hairong Kuang and Radia, S. and Chansler, R.},
  Booktitle                = {Mass Storage Systems and Technologies (MSST), 2010 IEEE 26th Symposium on},
  Year                     = {2010},
  Month                    = {May},
  Pages                    = {1-10},

  Doi                      = {10.1109/MSST.2010.5496972},
  Keywords                 = {Internet;distributed databases;network operating systems;Hadoop distributed file system;Yahoo!;data storage;data stream;enterprise data;Bandwidth;Clustering algorithms;Computer architecture;Concurrent computing;Distributed computing;Facebook;File servers;File systems;Protection;Protocols;HDFS;Hadoop;distributed file system},
  Owner                    = {Sridhar},
  Timestamp                = {2014.09.08}
}

@Article{Stone2010,
  Title                    = {Toward Large-Scale Face Recognition Using Social Network Context},
  Author                   = {Stone, Z. and Zickler, T. and Darrell, T.},
  Journal                  = {Proceedings of the IEEE},
  Year                     = {2010},

  Month                    = {Aug},
  Number                   = {8},
  Pages                    = {1408-1415},
  Volume                   = {98},

  Doi                      = {10.1109/JPROC.2010.2044551},
  ISSN                     = {0018-9219},
  Keywords                 = {face recognition;social networking (online);automatic large-scale face recognition;computational tools;daunting task;online social network sites;personal photographs;real photo collections;social network context;Acceleration;Availability;Computer networks;Digital photography;Face recognition;Graphical models;Image recognition;Internet;Large-scale systems;Social network services;Face recognition;graphical models;social network context;structured prediction},
  Owner                    = {Sridhar},
  Timestamp                = {2014.09.08}
}

@Article{Trease2008,
  Title                    = {Using transaction based parallel computing to solve image processing and computational physics problems},
  Author                   = {Trease, Harold and Fraser, Daniel and Farber, Rob and Elbert, Stephen},
  Journal                  = {Online at: http://www. cca08. org/papers/Poster31-Harold-Trease. pdf},
  Year                     = {2008},

  Owner                    = {Sridhar},
  Timestamp                = {2014.09.08}
}

@Article{Wang2011,
  Title                    = {Ultra-fast processing of gigapixel Tissue MicroArray images using High Performance Computing},
  Author                   = {Wang, Yinhai and McCleary, David and Wang, Ching-Wei and Kelly, Paul and James, Jackie and Fennell, DeanA. and Hamilton, PeterW.},
  Journal                  = {Cellular Oncology},
  Year                     = {2011},
  Number                   = {5},
  Pages                    = {495-507},
  Volume                   = {34},

  Doi                      = {10.1007/s13402-011-0046-4},
  ISSN                     = {2211-3428},
  Keywords                 = {Cluster; Dynamic load balancing; High Performance Computing; Parallel Processing; Tissue MicroArray; TMA; Virtual slide},
  Language                 = {English},
  Owner                    = {Sridhar},
  Publisher                = {Springer Netherlands},
  Timestamp                = {2014.09.08},
  Url                      = {http://dx.doi.org/10.1007/s13402-011-0046-4}
}

@InProceedings{White2010,
  Title                    = {Web-scale Computer Vision Using MapReduce for Multimedia Data Mining},
  Author                   = {White, Brandyn and Yeh, Tom and Lin, Jimmy and Davis, Larry},
  Booktitle                = {Proceedings of the Tenth International Workshop on Multimedia Data Mining},
  Year                     = {2010},

  Address                  = {New York, NY, USA},
  Pages                    = {9:1--9:10},
  Publisher                = {ACM},
  Series                   = {MDMKDD '10},

  Acmid                    = {1814254},
  Articleno                = {9},
  Doi                      = {10.1145/1814245.1814254},
  ISBN                     = {978-1-4503-0220-3},
  Keywords                 = {MapReduce, background subtraction, bag-of-features, cloud computing, clustering, computer vision, image registration},
  Location                 = {Washington, D.C.},
  Numpages                 = {10},
  Owner                    = {Sridhar},
  Timestamp                = {2014.09.08},
  Url                      = {http://doi.acm.org/10.1145/1814245.1814254}
}

@Article{White2009,
  Title                    = {The Small Files Problem},
  Author                   = {Tom White},
  Journal                  = {http://blog.cloudera.com/blog/2009/02/the-small-files-problem/},
  Year                     = {2009},

  Owner                    = {Sridhar},
  Timestamp                = {2014.09.08}
}

@Article{Yahoo2011,
  Title                    = {MapReduce},
  Author                   = {Yahoo},
  Journal                  = {https://developer.yahoo.com/hadoop/tutorial/module4.html},
  Year                     = {2011},

  Owner                    = {Sridhar},
  Timestamp                = {2014.09.08}
}

@InCollection{Zhang2010,
  Title                    = {Case Study of Scientific Data Processing on a Cloud Using Hadoop},
  Author                   = {Zhang, Chen and De Sterck, Hans and Aboulnaga, Ashraf and Djambazian, Haig and Sladek, Rob},
  Booktitle                = {High Performance Computing Systems and Applications},
  Publisher                = {Springer Berlin Heidelberg},
  Year                     = {2010},
  Editor                   = {Mewhort, DouglasJ.K. and Cann, NatalieM. and Slater, GaryW. and Naughton, ThomasJ.},
  Pages                    = {400-415},
  Series                   = {Lecture Notes in Computer Science},
  Volume                   = {5976},

  Doi                      = {10.1007/978-3-642-12659-8_29},
  ISBN                     = {978-3-642-12658-1},
  Language                 = {English},
  Owner                    = {Sridhar},
  Timestamp                = {2014.09.08},
  Url                      = {http://dx.doi.org/10.1007/978-3-642-12659-8_29}
}

